@article{Man10,
  title={Robust relationship inference in genome-wide association studies},
  author={Manichaikul, A. and Mychaleckyj, J. C. and Rich, S. S. and Daly, K. and Sale, M. and Chen, W.},
  journal={Bioinformatics},
  volume={26},
  number={22},
  pages={2867-2873},
  year={2010},
  keywords={KING, relatedness, kinship}
}

@article{Kor15,
    author = {Korneliussen, T. S. and Moltke, I.},
    title = {NgsRelate: a software tool for estimating pairwise relatedness from next-generation sequencing data},
    journal = {Bioinformatics},
    volume = {31},
    number = {24},
    pages = {4009-4011},
    year = {2015},
    keywords = {kinship, KING},
    doi = {10.1093/bioinformatics/btv509}
}



